@article{EJ08,
	author = {{Etore}, P. and {Jourdain}, B.},
	title = {Adaptive optimal allocation in stratified sampling methods},
	journal = {Methodology and Computing in Applied Probability},
	year = {2008},
	pages = {1-26}
}

@article{Tu04,
	author = {{Tuffin}, B.},
	title = {Randomization of quasi-Monte Carlo methods for error estimation : survey and normal
	approximation},
	journal = {Monte Carlo Methods Appl.},
	year = {2004},
	volume = {10},
	number = {3-4},
	pages = {617-628}
}

@article{GHS99,
	author = {{Glasserman}, P. and {Heidelberger}, P. and {Shahabuddin}, P.},
	title = {Asymptotically optimal importance sampling and stratification for path-dependant options},
	journal = {Mathematical Finance},
	year = {1999},
	volume = {9},
	number = {2},
	pages = {117-152}
}
